@Manual{R-AER,
  title = {AER: Applied Econometrics with R},
  author = {Christian Kleiber and Achim Zeileis},
  year = {2019},
  note = {R package version 1.2-7},
  url = {https://CRAN.R-project.org/package=AER},
}
@Manual{R-base,
  title = {R: A Language and Environment for Statistical Computing},
  author = {{R Core Team}},
  organization = {R Foundation for Statistical Computing},
  address = {Vienna, Austria},
  year = {2019},
  url = {https://www.R-project.org/},
}
@Manual{R-bookdown,
  title = {bookdown: Authoring Books and Technical Documents with R Markdown},
  author = {Yihui Xie},
  year = {2019},
  note = {R package version 0.13},
  url = {https://CRAN.R-project.org/package=bookdown},
}
@Manual{R-broom,
  title = {broom: Convert Statistical Analysis Objects into Tidy Tibbles},
  author = {David Robinson and Alex Hayes},
  year = {2019},
  note = {R package version 0.5.2},
  url = {https://CRAN.R-project.org/package=broom},
}
@Manual{R-car,
  title = {car: Companion to Applied Regression},
  author = {John Fox and Sanford Weisberg and Brad Price},
  year = {2019},
  note = {R package version 3.0-3},
  url = {https://CRAN.R-project.org/package=car},
}
@Manual{R-carData,
  title = {carData: Companion to Applied Regression Data Sets},
  author = {John Fox and Sanford Weisberg and Brad Price},
  year = {2018},
  note = {R package version 3.0-2},
  url = {https://CRAN.R-project.org/package=carData},
}
@Manual{R-cowplot,
  title = {cowplot: Streamlined Plot Theme and Plot Annotations for 'ggplot2'},
  author = {Claus O. Wilke},
  year = {2019},
  note = {R package version 1.0.0},
  url = {https://CRAN.R-project.org/package=cowplot},
}
@Manual{R-dplyr,
  title = {dplyr: A Grammar of Data Manipulation},
  author = {Hadley Wickham and Romain François and Lionel Henry and Kirill Müller},
  year = {2019},
  note = {R package version 0.8.3},
  url = {https://CRAN.R-project.org/package=dplyr},
}
@Manual{R-estimatr,
  title = {estimatr: Fast Estimators for Design-Based Inference},
  author = {Graeme Blair and Jasper Cooper and Alexander Coppock and Macartan Humphreys and Luke Sonnet},
  year = {2019},
  note = {R package version 0.20.0},
  url = {https://CRAN.R-project.org/package=estimatr},
}
@Manual{R-forcats,
  title = {forcats: Tools for Working with Categorical Variables (Factors)},
  author = {Hadley Wickham},
  year = {2019},
  note = {R package version 0.4.0},
  url = {https://CRAN.R-project.org/package=forcats},
}
@Manual{R-ggplot2,
  title = {ggplot2: Create Elegant Data Visualisations Using the Grammar of Graphics},
  author = {Hadley Wickham and Winston Chang and Lionel Henry and Thomas Lin Pedersen and Kohske Takahashi and Claus Wilke and Kara Woo and Hiroaki Yutani},
  year = {2019},
  note = {R package version 3.2.1},
  url = {https://CRAN.R-project.org/package=ggplot2},
}
@Manual{R-ggrepel,
  title = {ggrepel: Automatically Position Non-Overlapping Text Labels with
'ggplot2'},
  author = {Kamil Slowikowski},
  year = {2019},
  note = {R package version 0.8.1},
  url = {https://CRAN.R-project.org/package=ggrepel},
}
@Manual{R-janitor,
  title = {janitor: Simple Tools for Examining and Cleaning Dirty Data},
  author = {Sam Firke},
  year = {2019},
  note = {R package version 1.2.0},
  url = {https://CRAN.R-project.org/package=janitor},
}
@Manual{R-knitr,
  title = {knitr: A General-Purpose Package for Dynamic Report Generation in R},
  author = {Yihui Xie},
  year = {2019},
  note = {R package version 1.25},
  url = {https://CRAN.R-project.org/package=knitr},
}
@Manual{R-lm.beta,
  title = {lm.beta: Add Standardized Regression Coefficients to lm-Objects},
  author = {Stefan Behrendt},
  year = {2014},
  note = {R package version 1.5-1},
  url = {https://CRAN.R-project.org/package=lm.beta},
}
@Manual{R-lmtest,
  title = {lmtest: Testing Linear Regression Models},
  author = {Torsten Hothorn and Achim Zeileis and Richard W. Farebrother and Clint Cummins},
  year = {2019},
  note = {R package version 0.9-37},
  url = {https://CRAN.R-project.org/package=lmtest},
}
@Manual{R-magrittr,
  title = {magrittr: A Forward-Pipe Operator for R},
  author = {Stefan Milton Bache and Hadley Wickham},
  year = {2014},
  note = {R package version 1.5},
  url = {https://CRAN.R-project.org/package=magrittr},
}
@Manual{R-np,
  title = {np: Nonparametric Kernel Smoothing Methods for Mixed Data Types},
  author = {Jeffrey S. Racine and Tristen Hayfield},
  year = {2018},
  note = {R package version 0.60-9},
  url = {https://CRAN.R-project.org/package=np},
}
@Manual{R-openintro,
  title = {openintro: Data Sets and Supplemental Functions from 'OpenIntro' Textbooks},
  author = {David M Diez and Christopher D Barr and Mine Cetinkaya-Rundel},
  year = {2017},
  note = {R package version 1.7.1},
  url = {https://CRAN.R-project.org/package=openintro},
}
@Manual{R-panelAR,
  title = {panelAR: Estimation of Linear AR(1) Panel Data Models with
Cross-Sectional Heteroskedasticity and/or Correlation},
  author = {Konstantin Kashin},
  year = {2014},
  note = {R package version 0.1},
  url = {https://CRAN.R-project.org/package=panelAR},
}
@Manual{R-plm,
  title = {plm: Linear Models for Panel Data},
  author = {Yves Croissant and Giovanni Millo and Kevin Tappe},
  year = {2019},
  note = {R package version 2.2-0},
  url = {https://CRAN.R-project.org/package=plm},
}
@Manual{R-PoEdata,
  title = {PoEdata: Title: PoE data for R},
  author = {Constantin Colonescu},
  year = {2016},
  note = {R package version 0.1.0},
}
@Manual{R-purrr,
  title = {purrr: Functional Programming Tools},
  author = {Lionel Henry and Hadley Wickham},
  year = {2019},
  note = {R package version 0.3.2},
  url = {https://CRAN.R-project.org/package=purrr},
}
@Manual{R-pwr,
  title = {pwr: Basic Functions for Power Analysis},
  author = {Stephane Champely},
  year = {2018},
  note = {R package version 1.2-2},
  url = {https://CRAN.R-project.org/package=pwr},
}
@Manual{R-rddtools,
  title = {rddtools: Toolbox for Regression Discontinuity Design ('RDD')},
  author = {Matthieu Stigler and Bastiaan Quast},
  year = {2015},
  note = {R package version 0.4.0},
  url = {https://CRAN.R-project.org/package=rddtools},
}
@Manual{R-readr,
  title = {readr: Read Rectangular Text Data},
  author = {Hadley Wickham and Jim Hester and Romain Francois},
  year = {2018},
  note = {R package version 1.3.1},
  url = {https://CRAN.R-project.org/package=readr},
}
@Manual{R-rmarkdown,
  title = {rmarkdown: Dynamic Documents for R},
  author = {JJ Allaire and Yihui Xie and Jonathan McPherson and Javier Luraschi and Kevin Ushey and Aron Atkins and Hadley Wickham and Joe Cheng and Winston Chang and Richard Iannone},
  year = {2019},
  note = {R package version 1.15},
  url = {https://CRAN.R-project.org/package=rmarkdown},
}
@Manual{R-sandwich,
  title = {sandwich: Robust Covariance Matrix Estimators},
  author = {Achim Zeileis and Thomas Lumley},
  year = {2019},
  note = {R package version 2.5-1},
  url = {https://CRAN.R-project.org/package=sandwich},
}
@Manual{R-stargazer,
  title = {stargazer: Well-Formatted Regression and Summary Statistics Tables},
  author = {Marek Hlavac},
  year = {2018},
  note = {R package version 5.2.2},
  url = {https://CRAN.R-project.org/package=stargazer},
}
@Manual{R-stringr,
  title = {stringr: Simple, Consistent Wrappers for Common String Operations},
  author = {Hadley Wickham},
  year = {2019},
  note = {R package version 1.4.0},
  url = {https://CRAN.R-project.org/package=stringr},
}
@Manual{R-survival,
  title = {survival: Survival Analysis},
  author = {Terry M Therneau},
  year = {2019},
  note = {R package version 2.44-1.1},
  url = {https://CRAN.R-project.org/package=survival},
}
@Manual{R-tibble,
  title = {tibble: Simple Data Frames},
  author = {Kirill Müller and Hadley Wickham},
  year = {2019},
  note = {R package version 2.1.3},
  url = {https://CRAN.R-project.org/package=tibble},
}
@Manual{R-tidyr,
  title = {tidyr: Tidy Messy Data},
  author = {Hadley Wickham and Lionel Henry},
  year = {2019},
  note = {R package version 1.0.0},
  url = {https://CRAN.R-project.org/package=tidyr},
}
@Manual{R-tidyverse,
  title = {tidyverse: Easily Install and Load the 'Tidyverse'},
  author = {Hadley Wickham},
  year = {2017},
  note = {R package version 1.2.1},
  url = {https://CRAN.R-project.org/package=tidyverse},
}
@Manual{R-xts,
  title = {xts: eXtensible Time Series},
  author = {Jeffrey A. Ryan and Joshua M. Ulrich},
  year = {2018},
  note = {R package version 0.11-2},
  url = {https://CRAN.R-project.org/package=xts},
}
@Manual{R-zoo,
  title = {zoo: S3 Infrastructure for Regular and Irregular Time Series (Z's
Ordered Observations)},
  author = {Achim Zeileis and Gabor Grothendieck and Jeffrey A. Ryan},
  year = {2019},
  note = {R package version 1.8-6},
  url = {https://CRAN.R-project.org/package=zoo},
}
